@ARTICLE{youssef:library,
	AUTHOR = "Bruce R. Miller and Abdou Youssef",
	TITLE = "Technical Aspects of the Digital Library of Mathematical Functions",
	JOURNAL = "Annals of Mathematics and Artificial Intelligence",
	VOLUME = {38},
	PAGES = {121-136},
	YEAR = {2003}	}

@ARTICLE{miner:approach,
	AUTHOR = "Robert Miner and Rajesh Munavalli",
	TITLE = "An Approach to Mathematical Search Through Query Formulation and Data Normalization.",
	JOURNAL = {"Lecture Notes in Computer Science"},
	VOLUME = {12},
	NUMBER = {2},
	PAGES = {291-301},
	MONTH = "June",
	YEAR = {1991}	}

@ARTICLE{kumar:structure,
	AUTHOR = "Johannes Braams",
	TITLE = "Babel, a Multilingual Style-Option System for Use with LaTeX's Standard Document Styles",
	JOURNAL = {TUGboat},
	VOLUME = {12},
	NUMBER = {2},
	PAGES = {291-301},
	MONTH = "June",
	YEAR = {1991}	}

@ARTICLE{kolhase:mathwebsearch,
	AUTHOR = "Johannes Braams",
	TITLE = "Babel, a Multilingual Style-Option System for Use with LaTeX's Standard Document Styles",
	JOURNAL = {TUGboat},
	VOLUME = {12},
	NUMBER = {2},
	PAGES = {291-301},
	MONTH = "June",
	YEAR = {1991}	}

@ARTICLE{yuan:layout,
	AUTHOR = "Johannes Braams",
	TITLE = "Babel, a Multilingual Style-Option System for Use with LaTeX's Standard Document Styles",
	JOURNAL = {TUGboat},
	VOLUME = {12},
	NUMBER = {2},
	PAGES = {291-301},
	MONTH = "June",
	YEAR = {1991}	}

A NOVEL SIMILARITY-SEARCH METHOD FOR MATHEMATICAL
CONTENT IN LATEX MARKUP AND ITS IMPLEMENTATION wei zhong

P. Pavan Kumar, Arun Agarwal, and Chakravarthy Bhagvati. A structure based
approach for mathematical expression retrieval. Multi-disciplinary Trends in Ar-
ticial Intelligence, 7694:23{34, 2012.

Michael Kohlhase. Mathwebsearch 0.5: Scaling an open formula search engine

Thomas Schellenberg, Bo Yuan, and Richard Zanibbi. Layout-based substitu-
tion tree indexing and retrieval for mathematical expressions.
